3508 4961
532 127 1103 233 Aletheia
1147 132 1851 233 Document
1882 127 2449 264 Analysis
2495 131 2970 264 System

112 510 483 577 Overview:
538 532 737 577 Aletheia
791 534 819 577 is
867 546 922 577 an
973 532 1049 577 ad-

107 608 277 653 vanced
314 614 475 664 system
511 608 580 653 for
614 614 819 653 accurate
854 608 942 653 and
977 614 1049 664 yet

109 676 433 721 cost-effective
499 676 672 733 ground
739 676 935 733 truthing
1002 676 1050 721 of

111 744 227 800 large
258 750 470 788 amounts
502 743 550 788 of
580 744 863 788 documents.
899 747 926 788 It
956 744 1048 788 aids

107 812 185 856 the
209 825 307 856 user
326 812 430 856 with
455 825 477 856 a
503 812 692 856 number
713 811 761 856 of
782 812 1047 856 automated

109 880 196 924 and
262 880 660 924 semi-automated
725 880 841 924 tools
903 880 1047 924 which

107 961 226 992 were
258 948 392 1004 partly
421 948 670 1003 developed
702 948 789 992 and
824 947 1047 1003 improved

110 1015 248 1059 based
275 1028 333 1059 on
359 1014 582 1059 feedback
605 1014 718 1059 from
748 1016 884 1071 major
910 1015 1049 1059 librar-

111 1084 169 1127 ies
190 1096 336 1127 across
361 1086 527 1139 Europe
548 1083 635 1127 and
658 1082 771 1127 from
793 1083 904 1127 their
925 1083 1049 1139 digit-

111 1152 264 1195 isation
289 1152 449 1195 service
475 1151 694 1206 providers
715 1151 859 1195 which
885 1164 956 1195 are
982 1164 1050 1195 us-

111 1220 180 1275 ing
209 1219 286 1263 the
313 1219 405 1263 tool
437 1220 473 1262 in
503 1232 526 1263 a
558 1219 820 1274 production
851 1220 1049 1263 environ-

111 1292 246 1331 ment.

1313 539 1443 584 Novel
1474 539 1670 584 features
1699 553 1784 591 are,
1817 553 1985 595 among
2017 539 2180 591 others,
2212 539 2289 584 the

1250 613 1439 663 support
1486 607 1534 652 of
1579 607 1820 663 top-down
1871 607 2044 663 ground
2093 607 2288 663 truthing

1249 675 1354 719 with
1390 675 1707 731 sophisticated
1743 675 1840 731 split
1873 675 1960 719 and
1996 675 2141 719 shrink
2173 675 2289 719 tools

1251 756 1298 787 as
1339 743 1434 787 well
1478 756 1526 787 as
1570 743 1832 799 bottom-up
1876 743 2049 799 ground
2093 743 2288 799 truthing

1250 812 1513 867 supporting
1538 810 1615 855 the
1639 812 1932 867 aggregation
1958 810 2006 855 of
2031 810 2288 855 lower-level

1251 878 1470 923 elements
1517 884 1565 923 to
1615 892 1736 923 more
1785 879 1989 934 complex
2035 884 2285 923 structures.

1252 946 1416 1002 Special
1446 945 1642 990 features
1674 946 1783 990 have
1815 946 1930 990 been
1962 946 2211 1002 developed
2241 952 2289 990 to

1250 1020 1439 1070 support
1461 1014 1660 1070 working
1685 1014 1789 1058 with
1816 1014 1892 1058 the
1918 1014 2218 1070 complexities
2242 1013 2290 1058 of

1253 1082 1464 1126 historical
1493 1082 1776 1126 documents.
1803 1082 1891 1126 The
1920 1082 2166 1138 integrated
2192 1082 2289 1126 vali-

1251 1150 1387 1201 dator,
1419 1151 1455 1193 in
1485 1150 1789 1194 combination
1817 1150 1922 1194 with
1953 1149 2168 1205 powerful
2197 1163 2289 1194 cor-

1253 1218 1414 1261 rection
1446 1217 1575 1268 tools,
1608 1217 1768 1261 enable
1798 1216 1994 1261 efficient
2025 1217 2287 1273 production

1251 1284 1299 1329 of
1321 1285 1465 1341 highly
1484 1291 1690 1329 accurate
1712 1285 1885 1341 ground
1907 1285 2039 1329 truth.

1309 1487 1508 1531 Aletheia
1542 1500 1642 1531 uses
1670 1487 1747 1531 the
1779 1489 1905 1531 PAGE
1936 1487 2067 1543 (Page
2096 1487 2289 1543 Analysis

1251 1555 1338 1599 and
1370 1555 1552 1599 Ground
1580 1555 1697 1599 truth
1730 1554 1961 1606 Elements)
1988 1558 2100 1598 XML
2125 1554 2291 1599 format

1249 1622 1519 1667 framework
1570 1623 1714 1667 which
1772 1624 2073 1678 incorporates
2126 1623 2287 1667 several

1249 1693 1361 1734 XML
1408 1690 1615 1734 schemas
1665 1691 1966 1746 representing
2016 1690 2092 1734 the
2140 1690 2289 1734 whole

1249 1757 1484 1802 workflow
1511 1757 1558 1802 of
1586 1758 1834 1802 document
1860 1758 2056 1814 analysis.
2088 1760 2169 1802 See
2197 1758 2290 1802 also

1250 1826 1327 1870 the
1349 1826 1585 1870 dedicated
1610 1825 1803 1870 infobox.

88 1886 176 1915 Layers
187 1885 234 1908 and
244 1885 342 1915 reading
353 1885 421 1908 order

2692 1277 2836 1300 Screenshot
2846 1277 2876 1300 of
2881 1277 2993 1300 Aletheia
3004 1277 3114 1307 showing
3124 1277 3220 1307 regions
3231 1277 3277 1300 and
3286 1277 3418 1307 properties

2517 1479 2617 1529 The
2663 1482 2807 1529 PAGE
2851 1494 2954 1538 (Page
2985 1494 3137 1538 Analysis
3168 1494 3237 1529 and
3271 1494 3414 1529 Ground

2517 1553 2609 1588 truth
2644 1553 2826 1593 Elements)
2856 1552 2986 1588 format
3015 1552 3226 1588 framework
3258 1554 3415 1597 incorpo-

2520 1611 2608 1641 rates
2635 1606 2762 1641 several
2789 1609 2876 1641 XML
2901 1606 3063 1641 schemas
3091 1607 3328 1650 representing
3355 1606 3415 1641 the

2517 1659 2634 1694 whole
2649 1659 2834 1694 workflow
2849 1659 2887 1694 of
2903 1659 3098 1694 document
3114 1659 3268 1703 analysis,
3289 1659 3415 1694 includ-

2520 1714 2574 1757 ing
2609 1714 2723 1757 image
2755 1713 3029 1753 enhancement,
3065 1713 3296 1753 binarisation,
3331 1723 3416 1757 geo-

2520 1766 2668 1801 metrical
2708 1767 2910 1806 correction,
2953 1766 3067 1810 layout
3105 1766 3259 1810 analysis,
3302 1766 3416 1810 layout

2518 1819 2714 1854 evaluation
2741 1819 2809 1854 and
2836 1821 2931 1854 OCR.
2957 1819 3026 1854 The
3053 1819 3133 1854 here
3161 1819 3245 1854 used
3272 1819 3414 1854 schema

2517 1872 2571 1907 for
2603 1872 2797 1907 document
2831 1872 2963 1916 layouts
2994 1872 3113 1907 allows
3144 1872 3197 1907 for
3230 1872 3414 1916 polygonal

2520 1926 2657 1969 regions
2676 1925 2759 1960 with
2780 1926 2915 1960 various
2935 1925 3117 1960 attributes
3138 1925 3323 1970 (including
3345 1930 3416 1960 text

2518 1979 2688 2020 content),
2708 1979 2849 2023 reading
2867 1979 2978 2019 order,
2999 1979 3103 2023 layers
3119 1979 3188 2014 and
3207 1990 3313 2014 more.

1575 2407 1757 2470 From
1796 2402 2092 2482 Scratch,
2127 2407 2521 2489 Top-Down

1656 2571 1854 2627 Marking
1887 2572 2061 2627 regions
2092 2572 2216 2627 using
2249 2585 2372 2615 man-

1655 2639 1720 2683 ual
1744 2653 1792 2683 or
1812 2639 2210 2683 semi-automated
2232 2639 2349 2683 tools

1656 2757 1854 2813 Marking
1878 2763 1970 2801 text
1994 2757 2098 2801 kines
2119 2757 2224 2801 with
2250 2770 2372 2813 easy-

1652 2831 1803 2869 to-use
1825 2825 1922 2881 split
1940 2825 2057 2869 tools

1656 2942 1854 2998 Marking
1878 2942 2026 2987 words
2048 2942 2153 2986 with
2178 2943 2371 2987 assistive

1652 3010 1768 3055 tools

1655 3128 1854 3184 Marking
1877 3128 2031 3184 glyphs
2052 3128 2331 3180 (characters)

1651 3249 1746 3290 Text
1768 3247 2073 3302 transcription
2099 3246 2186 3290 and
2214 3259 2372 3302 propa-

1653 3315 1805 3370 gation
1827 3320 1875 3358 to
1896 3327 1980 3370 any
2002 3314 2198 3370 required
2224 3314 2324 3358 level

1656 3431 1847 3488 Reading
1870 3431 1998 3476 order
2019 3431 2248 3476 definition

180 3398 421 3443 Validation
465 3404 513 3443 to
557 3398 717 3443 reduce
762 3398 840 3443 risk

182 3466 230 3511 of
252 3466 459 3511 mistakes

183 3147 437 3201 Correcting
500 3151 591 3190 text
653 3151 840 3190 content

184 3214 308 3269 using
346 3213 559 3257 rendered
594 3219 685 3257 text
718 3226 839 3257 over-

184 3281 246 3337 lay

183 2893 437 2948 Correcting
504 2892 650 2948 layout
713 2893 837 2948 using

182 2961 450 3004 convenient
488 2960 604 3004 tools
643 2960 750 3004 such
792 2973 839 3004 as

184 3041 336 3084 merge
357 3028 444 3072 and
467 3028 564 3084 split

180 2571 457 2615 Automated
500 2584 616 2627 page
656 2571 839 2627 analysis

180 2639 285 2683 with
332 2639 579 2695 integrated
622 2642 840 2683 Tesseract

182 2709 290 2750 OCR
313 2720 362 2750 or
384 2707 581 2762 opening
606 2706 841 2762 externally

182 2774 428 2830 generated
453 2774 582 2819 result

97 2220 374 2303 Typical
400 2220 817 2284 Workows

99 2401 630 2488 Preproduction
667 2423 713 2468 +
749 2403 1146 2470 Correction

94 3719 311 3784 Other
338 3719 677 3784 Software
704 3720 904 3784 Tools
932 3719 1024 3803 by
1050 3722 1316 3783 PRImA

1209 4767 1353 4802 Pattern
1379 4765 1623 4812 Recognition
1647 4764 1721 4802 and
1746 4767 1870 4812 Image
1890 4764 2057 4812 Analysis
2080 4764 2260 4802 Research
2285 4764 2366 4808 Lab,
2390 4764 2525 4802 School
2548 4763 2589 4802 of
2610 4765 2858 4812 Computing,
2883 4765 3036 4802 Science
3057 4764 3132 4802 and
3157 4765 3415 4812 Engineering,

1209 4823 1409 4870 University
1426 4822 1467 4860 of
1485 4822 1641 4866 Salford,
1663 4824 1820 4860 Greater
1839 4822 2094 4866 Manchester,
2117 4822 2251 4860 United
2273 4822 2472 4870 Kingdom,
2492 4822 3003 4870 www.primaresearch.org

2695 3864 2928 3894 WebAletheia
2941 3870 3057 3900 Webapp

1838 3872 2007 3901 Tesseract
2022 3872 2096 3901 OCR
2109 3876 2143 3901 to
2158 3872 2256 3901 PAGE
2271 3878 2317 3901 For
2327 3877 2462 3901 Windows

967 3865 1065 3894 PAGE
1079 3864 1238 3894 Libraries
1251 3871 1298 3893 For
1307 3871 1370 3899 Java
1382 3870 1435 3894 and
1446 3871 1497 3894 C++

89 3865 213 3902 Layout
228 3864 423 3893 Evaluation
436 3870 620 3893 Performance
632 3870 755 3900 Analysis
767 3870 872 3900 System

2695 3953 2716 3977 A
2736 3952 2893 3984 lightweight
2910 3952 3063 3977 web-based
3082 3952 3178 3977 version
3198 3951 3225 3977 of
3243 3952 3286 3977 the
3305 3952 3418 3977 Aletheia

2696 3991 2795 4023 ground
2826 3991 2937 4023 truthing
2969 3994 3069 4023 system.
3102 3991 3164 4016 Ideal
3195 3990 3233 4016 for
3263 3991 3418 4016 customised

2695 4029 2842 4054 workflows
2857 4029 2907 4054 and
2924 4029 3129 4061 crowdsourcing
3146 4029 3318 4061 applications.
3337 4031 3376 4054 Go
3391 4033 3418 4054 to

2695 4068 2739 4093 the
2753 4070 2842 4093 PRImA
2853 4068 2959 4093 website
2972 4072 2999 4093 to
3011 4072 3046 4100 try
3058 4069 3073 4093 it
3084 4068 3200 4100 yourself.

1838 3961 1858 3984 A
1876 3959 2015 3984 command
2035 3959 2081 3984 line
2099 3959 2151 3984 tool
2170 3962 2197 3984 to
2215 3959 2315 3991 analyse
2334 3959 2476 3984 document
2495 3966 2561 3991 page

1840 3998 1936 4030 images
1951 3998 2022 4030 using
2036 3998 2080 4023 the
2095 4005 2163 4030 open
2178 4005 2267 4023 source
2283 3999 2344 4023 OCR
2358 3998 2451 4030 engine
2464 4000 2561 4023 Tesser-

1838 4040 1879 4061 act
1900 4036 1950 4061 and
1972 4044 2031 4061 save
2052 4036 2096 4061 the
2119 4036 2206 4061 results
2227 4040 2254 4061 to
2278 4038 2352 4061 PAGE
2374 4038 2437 4061 XML
2458 4036 2559 4061 format.

1837 4076 1940 4100 Version
1957 4077 1996 4100 1.3
2011 4076 2027 4100 is
2040 4075 2119 4100 based
2132 4083 2165 4100 on
2178 4075 2222 4100 the
2235 4075 2308 4100 latest
2321 4075 2414 4100 release
2427 4075 2454 4100 of
2465 4077 2561 4100 Tesser-

1838 4117 1879 4139 act
1890 4114 1978 4143 (3.03).

968 3957 1083 3982 Platform
1103 3957 1279 3989 independent
1297 3957 1402 3982 libraries
1418 3961 1445 3982 to
1462 3961 1546 3982 create
1562 3957 1624 3982 valid
1644 3957 1689 3989 lay-

967 4000 1012 4021 out
1026 3996 1191 4028 descriptions
1206 3997 1226 4021 in
1242 3998 1316 4021 PAGE
1330 3998 1393 4021 XML
1405 3996 1506 4021 format.
1520 3996 1569 4021 The
1584 3996 1690 4021 libraries

967 4042 1013 4060 can
1030 4035 1061 4060 be
1075 4035 1149 4067 easily
1164 4035 1305 4067 integrated
1322 4035 1342 4060 in
1358 4035 1432 4060 other
1445 4034 1566 4060 software
1582 4035 1689 4067 projects

967 4074 1027 4099 such
1050 4081 1077 4099 as
1099 4081 1165 4106 page
1186 4074 1377 4106 segmentation
1400 4074 1519 4099 methods
1540 4073 1579 4099 for
1601 4075 1690 4099 ICDAR

967 4113 1154 4144 competitions.

87 3958 141 3983 This
154 3958 206 3983 tool
223 3958 239 3983 is
254 3961 308 3990 part
322 3957 349 3983 of
363 3965 375 3983 a
390 3957 543 3983 framework
557 3957 596 3983 for
609 3958 752 3990 evaluating
766 3958 810 3983 the

89 3996 266 4029 performance
285 3996 313 4022 of
332 3997 415 4029 layout
434 3997 539 4029 analysis
558 3997 685 4022 methods.
708 3998 723 4022 It
741 4004 810 4022 com-

89 4035 159 4060 bines
180 4035 310 4067 efficiency
330 4035 380 4060 and
401 4043 520 4067 accuracy
541 4035 571 4067 by
592 4036 663 4067 using
684 4043 697 4060 a
718 4035 809 4067 special

89 4074 187 4099 interval
203 4074 280 4099 based
295 4075 434 4106 geometric
447 4075 647 4106 representation
661 4074 688 4099 of
702 4075 808 4106 regions.

87 4115 107 4138 A
119 4113 185 4138 wide
200 4120 276 4145 range
290 4112 317 4138 of
329 4113 510 4145 sophisticated
524 4113 666 4138 evaluation
681 4120 810 4138 measures

89 4151 190 4183 provide
213 4151 256 4176 the
280 4159 369 4176 means
391 4151 430 4176 for
451 4159 464 4176 a
488 4151 555 4183 deep
579 4151 669 4183 insight
693 4152 744 4176 into
766 4151 810 4176 the

88 4190 206 4222 analysed
244 4194 358 4222 systems,

87 4229 169 4254 which
216 4236 279 4261 goes
323 4228 361 4254 far

89 4268 195 4300 beyond
266 4268 359 4300 simple

89 4306 296 4338 benchmarking.
310 4306 359 4331 The

87 4348 194 4377 support
229 4344 257 4370 of
293 4352 360 4370 user-

88 4383 191 4409 defined
260 4383 360 4416 profiles

88 4422 174 4447 allows
200 4422 243 4447 the
270 4423 359 4454 tuning

87 4461 126 4486 for
160 4469 207 4493 any
242 4461 298 4486 kind
333 4461 361 4486 of

88 4500 230 4525 evaluation
246 4500 360 4525 scenario

89 4539 182 4564 related
233 4542 260 4564 to
312 4539 358 4564 real

87 4577 165 4603 world
179 4577 351 4609 applications.
